% BibTeX bibliography file
@Article{valchanou,
author={VD Valchanou and P Michailov},
title={High energy shock waves in the treatment of delayed and nonunion of fractures},
journal={International Orthopaedics},
volume={15},
number={3},
pages={181-184},
year={1991}
}

@Article{zelle2010,
author={BA Zelle and H Gollwitzer and M Zlowodzki and V Burhen},
title={Extracorporeal Shock Wave Therapy: Current Evidence},
journal={Journal of Orthopaedic Trauma},
volume={24},
number={3 (Suppl)},
pages={S66-S70},
year={2010}
}


@Article{robling2002,
author={AG Robling and FM Hinant and DB Burr and CH Turner},
title={Improved bone structure and strength after long-term mechanical loading is greatest if loading is separated into short bouts},
journal={Journal of Bone Mineral Research},
year={2002},
volume={17},
pages={1545-1554}
}

@Article{saxon2005,
author={LK Saxon and AG Robling and I Alam and CH Turner},
title={Mechanosensitivity of the rat skeleton decreases after a long period of loading, but is improved with time off},
journal={Bone},
year={2005},
volume={36},
pages={454-464}
}

@Article{roblingcyclic2002,
author={AG Robling and FM Hinant and DB Burr and CH Turner},
title={Shorter, more frequent mechanical loading sessions enhance bone mass},
journal={Medicine and Science in Sports and Exercise},
year={2002},
volume={34},
pages={196-202}
}

@Article{huang2010,
author={C. Huang and R. Ogawa},
title={Mechanotransduction in bone repair and regeneration},
journal={The FASEB Journal},
year={2010},
volume={23},
pages={3625-3632}
}

@Article{morgan2008,
author={E. F. Morgan and R. E. Gleason and L. N. M. Hayward and P.L. Leong and K.T. Salisbury-Paolomares},
title={Mechanotransduction and Fracture Repair},
journal={Journal of Bone and Joint Surgery American Volume},
year={2008},
volume={90(Suppl 1)},
pages={25-30}
}

@Article{goodship1985,
author={A.E. Goodship and J. Kenwright},
title={The influence of induced micromovement on the healing of experimental tibial fractures},
journal={Journal of Bone and Joint Surgery British Volume},
year={1985},
volume={67},
pages={650-655}
}

@Article{claes1995,
author={L.E. Claes and H.J. Wilke and P. Augat and  S. Rubenacker and K.J. Margevicius},
title={Effect of dynamization on gap healing of diaphyseal fractures under external fixation},
journal={Cinical Biomechanics},
year={1995},
volume={10},
pages={227-234}
}

@Article{carter1998,
author={D.R. Carter and G.S. Beaupre and N.J. Giori and J.A. Helms},
title={Mechanobiology of skeletal regeneration},
journal={Clinical Orthopaedics and Related Research},
year={1998},
volume={355(Suppl)},
pages={S41-55}
}

@Article{claes1999,
author={L.E. Claes and C.A. Heigele},
title={Magnitudes of local stress and strain along osseous surfaces predict the course and type of fracture-healing},
journal={The Journal of Biomechanics},
year={1999},
volume={32},
pages={255-266}
}

@Article{lacroix2002,
author={D. Lacroix, P.J. Prendergast},
title={A mechano-regulation model for tissue differentiation during fracture-healing: analysis of gap size and loading},
journal={The Journal of Biomechanics},
year={2002},
volume={35},
pages={1163-1171}
}

@Article{prendergast1997,
author={P.J. Prendergast and R. Huiskes and K. Soballe},
title={Biophysical stimuli on cells during tissue differentiation at implant interfaces},
journal={The Journal of Biomechanics},
year={1997},
volume={30},
pages={539-548}
}

@Article{isaksson2006,
author={H Isaksson and W Wilson and CC van Donkelaar and R Huiskes and K Ito},
title={Comparison of biophysical stimuli for mechano-regulation of tissue differentiation during fracture-healing},
journal={The Journal of Biomechanics},
year={2006},
volume={39},
pages={1507-1516}
}

@Article{wolf2001,
author={S Wolf and P Augat and K Eckert-Hubner and A Laule and GD Krischak and LE Claes},
title={Effects of high-frequency, low-magnitude mechanical stimulus on bone healing},
journal={Clinical Orthopaedics and Related Research},
year={2001},
volume={385},
pages={192-198}
}

@Article{augat2001,
author={P Augat and J Merk and S Wolf and LE Claes},
title={Mechanical stimulation by external application of cyclic tensile strains does not effectively enhance bone healing},
journal={Journal of Orthopaedic Trauma},
year={2001},
volume={15},
pages={54-60}
}

@Article{park1998,
author={SH Park and K O'Connor and H McKellop and A Sarmiento},
title={The influence of active shear or compressive motion on fracture-healing},
journal={The Journal of Bone and Joint Surgery American Volume},
year={1998},
volume={80},
pages={868-878}
}

@Article{weinbaum1994,
author={S Weinbaum and SC Cowin and Y Zeng},
title={A model for the excitation of osteocytes by mechanical loading-induced bone fluid shear stress},
journal={Journal of Biomechanics},
year={1994},
volume={27},
pages={339-360}
}

@Article{turner1998,
author={CH Turner and FM Pavalko},
title={Mechanotransduction and functional response of the skeleton to physical stress: the mechanisms and mechanics of bone adaptation},
journal={Journal of Orthopaedic Science},
year={1998},
volume={3},
pages={346-355}
}

@Article{eswt_evidence_2010,
author={B. Zelle, MD and  et. al.},
title={Extracorporeal Shock Wave Therapy: Current Evidence},
journal={Journal of Orthopaedic Trauma},
year={2010},
volume={24},
number={3},
pages={s66-s70}
}

@Article{eswt_cortical_bone,
author={F. Forriol and L. Solchaga and J.L. Moreno and J. Canadell},
title={The effect of shockwaves on mature and healing cortical bone},
journal={International Orthopaedics},
year={1994},
volume={18},
number={5},
pages={325-329}
}

@Article{orthotripsy_ogden,
author={J.A. Ogden, MD and R. G. Alvarez, MD and R. Levitt, MD and M. Marlow, RN},
title={Shock Wave Therapy (Orthotripsy) in Musculoskeletal Disorders},
journal={Clinical Orthopaedics and Related Research},
year = {2001},
volume={387},
pages={22-40}
}

@Article{bailey_oleg,
  author = {O. Sapozhnikov and A.D. Maxwell and B. MacConaghy and M. Bailey},
  title = {A mechanistic analysis of stone fracture in lithotripsy},
  journal = {Journal of the Acoustical Society of America},
  year = {2007},
  volume = {121},
  number = {2},
  pages = {1190-1202}
}

@Misc{chomboclaw,
  author = {D. A. Calhoun and P. Colella and R. J. LeVeque},
  title = {{\sc chombo-claw} software},
  howpublished = {\\ {\tt
  http://www.amath.washington.edu/~calhoun/demos/ChomboClaw}}
}

@Article{christopher_hm3,
  author = {T. Christopher},
  title = {Modeling the {Dornier HM3} Lithotripter},
  journal = {Journal of the Acoustical Society of America},
  year = {1994},
  volume = {96},
  number = {5},
  pages = {3088-3095}
}

@Article{cjwang_hip,
  author = {C.-J. Wang and F.-S. Wang and J.-Y. Ko and H.-Y. Huang and C.-J.
  Chen and Y.-C. Sun and Y.-J. Yang},
  title = {Extracorporeal shockwave therapy shows regeneration in hip
  necrosis},
  journal = {Rheumatology},
  year = {2008},
  volume = {47},
  number = {4},
  pages = {542-546}
}

@Misc{claw.org.url,
  author = {R. J. LeVeque and M. J. Berger and others},
  title = {{\sc Clawpack} software},
  note = {\href{http://www.clawpack.org}{www.clawpack.org}}
}

@Misc{clawpack,
  author = {{Clawpack Team}},
  title = {{\sc Clawpack} software},
  howpublished = {\url{http://www.clawpack.org}}
}

@Article{cleveland_averkiou,
  author = {M.A. Averkiou and R.O. Cleveland},
  title = {Modeling of an electrohydraulic lithotripter with the {KZK}
  equation},
  journal = {Journal for the Acoustical Society of America},
  year = {1999},
  volume = {106},
  number = {1},
  pages = {102-112}
}

@Misc{colella_communication,
  author = {P. Colella},
  year = {2009},
  howpublished = {Personal communication}
}

@Article{coleman,
  author = {A.J. Coleman and J. Saunders and R. Preston and D. Bacon},
  title = {Pressure waveforms generated by a {Dornier} extra-corporeal
  shock-wave lithotripter},
  journal = {Ultrasound in Medicine and Biology},
  year = {1987},
  volume = {13},
  pages = {651-657}
}

@Article{db-rjl-sm-jr:vcflux,
  author = {D. Bale and R. J. LeVeque and S. Mitran and J. A. Rossmanith},
  title = {A wave-propagation method for conservation laws and balance laws
  with spatially varying flux functions},
  journal = {SIAM J. Sci. Comput.},
  year = {2002},
  volume = {24},
  pages = {955--978},
  URL = {http://www.amath.washington.edu/~rjl/pubs/vcflux/}
}

@Article{eswt_bone,
  author = {R. Biedermann and A. Martin and G. Handle and T. Auckenthaler and
  C. Bach and M. Krismer},
  title = {Extracorporeal shock waves in the treatment of nonunions},
  journal = {Journal of Trauma},
  year = {2003},
  volume = {54},
  number = {5},
  pages = {936-42}
}

@Article{eswt_shoulder,
  author = {G. Mouzopoulos and M. Stamatakos and D. Mouzopoulos and M.
  Tzurbakis},
  title = {Extracorporeal shock wave treatment for shoulder calcific
  tendonitis: a systematic review},
  journal = {Skeletal Radiology},
  year = {2008},
  volume = {36},
  number = {9},
  pages = {803-811}
}

@Article{eswt_vegf,
  author = {C.-J. Wang and K.-E. Huang and Y.-C. Sun and Y.-J. Yang and J.-Y.
  Ko and L.-H. Weng and F.-S. Wang},
  title = {VEGF Modulates Angiogenesis and Osteogenesis in Shockwave-Promoted
  Fracture Healing in Rabbits},
  journal = {Journal of Surgical Research},
  year = {2010},
  volume = {In Press, Corrected Proof},
  pages = {-}
}

@Article{frangos,
  author = {M.V. Hillsley and J.A. Frangos},
  title = {Review: Bone Tissue Engineering: The Role of Interstitial Fluid
  Flow},
  journal = {Biotechnology and Bioengineering},
  year = {1994},
  volume = {43},
  pages = {573-581}
}

@Article{freund,
  author = {J. Freund and T. Colonius and A. Evan},
  title = {A Cumulative Shear Mechanism for Tissue Damage Initiation in
  Shock-Wave Lithotripsy},
  journal = {Ultrasound in Medicine and Biology},
  year = {2007},
  volume = {33},
  pages = {1495-1503}
}

@Book{fung,
  author = {Y.C. Fung},
  title = {Biomechanics: Mechanical Properties of Living Tissues},
  year = {1993},
  publisher = {Springer}
}

@Article{hamilton,
  author = {M. Hamilton},
  title = {Transient axial solution for the reflection of a spherical wave from
  a concave ellipsoidal mirror},
  journal = {Journal of the Acoustical Society of America},
  year = {1993},
  volume = {93},
  number = {3},
  pages = {1256-1266}
}

@Article{ivings_toro,
  author = {M.J. Ivings and D.M. Causon and E.F. Toro},
  title = {On {Riemann} Solvers for Compressible Liquids},
  journal = {International Journal for Numerical Methods in Fluids},
  year = {1998},
  volume = {28},
  pages = {395-418}
}

@Article{jol-rjl:3d,
  author = {J. O. Langseth and R. J. LeVeque},
  title = {A wave-propagation method for three-dimensional hyperbolic
  conservation laws},
  journal = {J. Comput. Phys.},
  year = {2000},
  volume = {165},
  pages = {126--166},
  URL = {http://www.amath.washington.edu/~rjl/pubs/wp3d/}
}

@Article{keaveny,
  author = {T. Keaveny and X.E. Guo and E.F. Wachtel and T.A. McMahon and W.C.
  Hayes},
  title = {Trabecular bone exhibits fully linear elastic behavior and yields at
  low strains},
  journal = {Journal of Biomechanics},
  year = {1994},
  volume = {27}
}

@InProceedings{kfagnan_hyp06,
  author = {K.M. Fagnan and R.J. LeVeque and T.J. Matula and B. MacConaghy},
  title = {High-resolution finite volume methods for extracorporeal shock wave
  therapy},
  booktitle = {Hyperbolic Problems: Theory, Numerics, Applications},
  editor = {S{ylvie} Benzoni-Gavage and D{enis} Serre},
  year = {2006},
  pages = {503-510},
  publisher = {Springer}
}

@phdthesis{fagnan:phd, 
 author =  {K. Fagnan},
 title="High-resolution finite volume methods for extracorporeal shock wave therapy",
 year=2010,
 school="University of Washington",
 url="http://www.amath.washington.edu/~rjl/students/kfagnan/FagnanThesis.pdf"
 }

@Article{kfagnan_mchang_ho,
author={K. Fagnan and M. Chang and R.J. LeVeque},
title="Computational investigation of {ESWT} for treatment of heterotopic ossifications",
year=2010,
journal="in preparation"
}

@Article{amath_apl_nonunion,
author={K.Fagnan and T. Matula and R.J. LeVeque},
title="Optimized {ESWT} treatment for nonunions",
year=2010,
journal="in preparation"
}

@Book{martin_burr_sharkey,
  author = {R. Bruce Martin and David B. Burr and Neil A. Sharkey},
  title = {Skeletal Tissue Mechanics},
  year = {1998},
  publisher = {Springer}
}

@Article{matula_direct,
  author = {T.J. Matula and P.R. Hilmo and M.R. Bailey},
  title = {A suppressor to prevent direct wave-induced cavitation in shock wave
  therapy devices},
  journal = {Journal of the Acoustical Society of America},
  year = {2005},
  volume = {118},
  number = {1},
  pages = {178-185}
}

@Article{mjb-col:amr,
  author = {M. J. Berger and P. Colella},
  title = {Local adaptive mesh refinement for shock hydrodynamics},
  journal = {J. Comput. Phys.},
  year = {1989},
  volume = {82},
  pages = {64--84}
}

@Article{mjb-ol:amr,
  author = {M. Berger and J. Oliger},
  title = {Adaptive mesh refinement for hyperbolic partial differential
  equations},
  journal = {J. Comput. Phys.},
  year = {1984},
  volume = {53},
  pages = {484--512}
}

@Article{mjb-rig:cluster,
  author = {M. J. Berger and I. Rigoutsos},
  title = {An Algorithm for Point Clustering and Grid Generation},
  journal = {IEEE Trans. Sys. Man \& Cyber.},
  year = {1991},
  volume = {21},
  pages = {1278--1286}
}

@Article{mjb-rjl:amrclaw,
  author = {M. J. Berger and R. J. LeVeque},
  title = {Adaptive Mesh Refinement using Wave-Propagation Algorithms for
  Hyperbolic Systems},
  journal = {SIAM J. Numer. Anal.},
  year = {1998},
  volume = {35},
  pages = {2298--2316},
  URL = {http://epubs.siam.org/sam-bin/dbq/article/31597}
}

@Article{nakahara,
  author = {M. Nakahara and K. Nagayama and Y. Mori},
  title = {Shockwave Dynamics of High Pressure Pulse in Water and Other
  Biological Materials Based on {Hugoniot} Data},
  journal = {Japanese Journal of Applied Physics},
  year = {2008},
  volume = {47}
}

@Article{ogden,
  author = {J.A. Ogden and A. Toth-Kischkat and R. Schultheiss},
  title = {Principles of Shock Wave Therapy},
  journal = {Clinical Orthopaedics and Related Research},
  year = {2001},
  volume = {387},
  pages = {8-17}
}

@Article{oleg_bailey,
  author = {O. Sapozhnikov and M. Bailey and R.O. Cleveland},
  title = {The role of shear and longitudinal waves in the kidney stone
  comminution by a lithotripter shock pulse (A)},
  journal = {Journal of the Acoustical Society of America},
  year = {2004},
  volume = {115},
  pages = {2562-2562}
}

@Article{oleg_cleveland,
  author = {R.O. Cleveland and O. Sapozhnikov},
  title = {Modeling elastic wave propagation in kidney stones with application
  to shock wave lithotripsy},
  journal = {Journal of the Acoustical Society of America},
  year = {2005},
  volume = {118},
  number = {4},
  pages = {2667-2676}
}

@Article{rjl:wpalg,
  author = {R. J. LeVeque},
  title = {Wave propagation algorithms for multi-dimensional hyperbolic
  systems},
  journal = {J. Comput. Phys.},
  year = {1997},
  volume = {131},
  pages = {327--353},
  URL = {http://www.amath.washington.edu/~rjl/pubs/wpalg/}
}

@Book{rjl_book,
  author = {R{andall}. J. LeVeque},
  title = {Finite Volume Methods for Hyperbolic Problems},
  year = {2002},
  publisher = {Cambridge University Press}
}

@Article{rjl_nonlinear,
  author = {R.J. LeVeque},
  title = {Finite-volume methods for non-linear elasticity in heterogeneous
  media},
  journal = {International Journal for Numerical Methods in Fluids},
  year = {2001},
  volume = {40},
  number = {1-2},
  pages = {93-104}
}

@Article{saito,
  author = {T. Saito and M. Marumoto and H. Yamashita and S.H.R. Hosseini and
  A. Nakagawa and T. Hirano and K. Takayama},
  title = {Experimental and numerical studies of underwater shock wave
  attenuation},
  journal = {Shock Waves},
  year = {2003},
  volume = {13},
  pages = {139-148}
}

@PhdThesis{tanguay,
  author = {M. Tanguay},
  title = {Computation of bubbly cavitating flow in shock wave lithotripsy},
  year = {2004},
  school = {California Institute of Technology},
  URL = {etd.caltech.edu/etd/available/etd-05282004-130028/}
}

@Article{visc_bone,
  author = {E. Garner and R. Lakes and T. Lee and C. Swan and R. Brand},
  title = {Viscoelastic Dissipation in Compact Bone: Implications for
  Stress-Induced Fluid Flow in Bone},
  journal = {Journal of Biomechanical Engineering},
  year = {2000},
  volume = {122},
  pages = {166-73}
}

  @article{orthotropic,
  author="W.R. Taylor and E. Roland and H. Ploeg and D. Hertig and R. Klabunde and M.D. Warner and M.C. Hobatho and L. Rakotomanana and S.E. Clift",
  title="Determination of orthotropic bone elastic constants using {FEA} and modal analysis",
  journal="Journal of Biomechanics",
  volume=35,
  issue=6,
  year = 2002,
  pages="767-73"
  }
  @misc { chombo,
 howpublished = "\url{https://seesar.lbl.gov/ANAG/chombo/}",
 year = "2009",
 author="Applied Numerical Algorithms Group (ANAG) Lawrence Berkeley National Laboratory"}
 
@Misc{lemoine:pc,
  author = {G. Lemoine},
  howpublished = {in preparation}
}

@article{LemoineOuLeVeque2013,
    Author = {G I Lemoine and M-Y Ou and R J LeVeque},
    Title = {High-resolution finite volume modeling of wave
propagation in orthotropic poroelastic media},
    journal = {SIAM J. Sci. Comput.},
    volume = {35},
    year = {2013},
    pages = {B176-B206}}

@phdthesis{Lemoine-phd,
  author="G. I. Lemoine",
  title=" Numerical Modeling of Poroelastic-Fluid Systems Using
High-Resolution Finite Volume Methods",
  year="2013",
  school="University of Washington"
}
