 
Bibtex (bib) file for the thesis style document.

@Book{rjl_book,
  author = 	 "R{andall}. J. LeVeque",
  title = 	 "Finite Volume Methods for Hyperbolic Problems",
  publisher = 	 "Cambridge University Press",
  year = 	  2002 }
  
 @Book{thompson,
  author = 	 "P{hilip}. A. Thompson",
  title = 	 "Compressible Fluid Dynamics",
  publisher = 	 "McGraw-Hill",
  year = 1972 	   }
  
  @Book{cole,
  author = 	 "R. H. Cole",
  title = 	 "Underwater Explosions",
  publisher = 	 "Princeton University Press",
  year = 	  1948 }

  @Book{fung,
  author = 	 "Y.C. Fung",
  title = 	 "Biomechanics: Mechanical Properties of Living Tissues",
  publisher = 	 "Springer",
  year = 	  1993 }

  @Book{frost,
  author = 	 "H.M. Frost ",
  title = 	 "Bone Remodeling Dynamics",
  publisher = 	 "Charles C. Thomas",
  year = 	  1963 }

  @Book{evans,
  author = 	 "F. Gaynor Evans",
  title = 	 "Mechanical Properties of Bone",
  publisher = 	 "Charles C. Thomas",
  year = 	  1973 }

  @Book{riehle,
  author = 	 "Robert A. Riehle Jr.",
  title = 	 "Principles of Extracorporeal Shock Wave Lithotripsy",
  publisher = 	 "Church Livingstone",
  year = 	  1987 }
  
@Book{martin_burr_sharkey,
  author = 	 "R. Bruce Martin and David B. Burr and Neil A. Sharkey",
  title = 	 "Skeletal Tissue Mechanics",
  publisher = 	 "Springer",
  year = 	  1998 }

@Book{aben,
  author = 	 "Hillar Aben",
  title = 	 "Integrated Photoelasticity",
  publisher = 	 "McGraw-Hill",
  year = 	  1979 }
  
    @Book{digelasticity,
  author = 	 "P.K. Rastogi",
  title = 	 "Photomechanics (Topics in Applied Physics)",
  publisher = 	 "Springer",
  year = 	  2000 }
  
    @Book{cloud,
  author = 	 "Gary Cloud",
  title = 	 "Optical Methods of Engineering Analysis",
  publisher = 	 "Cambridge University Press",
  year = 	  1995 }
  
    @Book{sachdev,
  author = 	 "P.L. Sachdev",
  title = 	 "Shock Waves and Explosions",
  publisher = 	 "Chapman and Hall/CRC",
  year = 	  2004 }
  
    @Book{haddad,
  author = 	 "Y.M. Haddad",
  title = 	 "Viscoelasticity of Engineering Materials",
  publisher = 	 "Chapman and Hall",
  year = 	  1995 }
  
@Book{courant,
  author = 	 "R. Courant and R.O. Friedrichs",
  title = 	 "Supersonic Flow and Shock Waves",
  publisher = 	 "Springer-Verlag",
  year = 	  1948 }
  
@Article{frangos, 
 author =  {M.V. Hillsley and J.A. Frangos  },
 title="Review: Bone Tissue Engineering: The Role of Interstitial Fluid Flow ",
 journal="Biotechnology and Bioengineering ",
 year=1994,
 volume=43,
 pages="573-581"
 }
 
 @Article{munz, 
 author =  {C.D. Munz},
 title="On {Godunov-type} Schemes for {Lagrangian} Gas Dynamics",
 journal="SIAM Journal on Numerical Analysis",
 year=1994,
 volume=31,
 number=2,
 pages="17-42"
 }
 
 @Article{ogden, 
 author =  {J.A. Ogden and A. Toth-Kischkat and R. Schultheiss},
 title=" Principles of Shock Wave Therapy",
 journal="Clinical Orthopaedics and Related Research ",
 year=2001,
 volume=387,
 pages="8-17"
 }
 
  @Article{freund, 
 author =  {J. Freund and T. Colonius and A. Evan},
 title=" A Cumulative Shear Mechanism for Tissue Damage Initiation in Shock-Wave Lithotripsy",
 journal="Ultrasound in Medicine and Biology",
 year=2007,
 volume=33,
 issue=9,
 pages="1495-1503"
 }

@Article{ivings_toro, 
 author =  {M.J. Ivings and D.M. Causon and E.F. Toro},
 title="On {Riemann} Solvers for Compressible Liquids",
 journal="International Journal for Numerical Methods in Fluids",
 year=1998,
 volume=28,
 pages="395-418"
 }

@article{eswt_tait_biological,
author="A.B. Gojani and K. Ohtani and K. Takayama and S.H.R. Hosseini",
title="Shock {Hugoniot} and equations of states of water, castor oil, and aqueous solutions of sodium chloride, sucrose and gelatin",
journal="Shock Waves",
year="Online 2009"
}

@Article{oleg_bailey, 
 author =  {O. Sapozhnikov and M. Bailey and R.O. Cleveland},
 title="The role of shear and longitudinal waves in the kidney stone comminution by a lithotripter shock pulse (A)",
 journal="Journal of the Acoustical Society of America",
 year=2004,
 volume=115,
 issue=5,
 pages="2562-2562"
 }
 
 @inbook{cleveland_mcateer,
 author="R.O. Cleveland and J. McAteer",
 title="Physics of Shock Wave Lithotripsy",
 book="Smith's Textbook on Endourology",
 year=2007,
 publisher="Quality Medical Publishing",
 chapter=38
 }
 
 @article{nakahara,
  author =  {M. Nakahara and K. Nagayama and Y. Mori},
 title="Shockwave Dynamics of High Pressure Pulse in Water and Other Biological Materials Based on {Hugoniot} Data",
 journal="Japanese Journal of Applied Physics",
 year=2008,
volume = 47
 }
 
 @Article{dumbser, 
 author =  {M. K\"aser and M. Dumbser  and J. De la Puente and H. Igel},
 title="An arbitrary high order discontinuous {Galerkin} method for elastic waves on unstructured meshes {III:} viscoelastic attenuation",
 journal="Geophysical Journal International",
 year=2000,
 volume=142,
 }

@phdthesis{tanguay, 
 author =  {M. Tanguay},
 title="Computation of bubbly cavitating flow in shock wave lithotripsy",
 year=2004,
 school="California Institute of Technology",
 url="etd.caltech.edu/etd/available/etd-05282004-130028/"
 }
 
 @mastersthesis{hoebrecht, 
 author="R. Hoebrecht",
 year=2009,
 school="University of Washington",
 title="A finite volume approach to modeling injury mechanisms of blast-induced traumatic brain injury",
 url="http://www.amath.washington.edu/~rjl/students/hoberecht/HoberechtThesis.pdf"
 }
 
 @misc{circ_polarizer,
 author="Wikipedia",
 title="Photoelasticity",
 howpublished="http://en.wikipedia.org/wiki/Photoelasticity",
 year=2010
 } 
 
  @misc{kfagnan_code,
 author="K.M. Fagnan",
 title="Code for {ESWT} examples",
 url="www.clawpack.org/links/kfagnan",
 year=2010
 } 
 
 @article{plantar_eswt,
 author="J.A. Ogden and R. Alvarez and R. Levitt and L.G. Cross and M. Marlow", 
 title="Shock Wave Therapy for Chronic Proximal Plantar Fasciitis", 
 year=2001,
 journal="Clinical Orthopaedics and Related Research",
 volume=387,
 pages="47-59"
 }
 
 @article{tbi_background,
 author="J. Ghajar",
 title="Traumatic Brain Injury",
 journal="The Lancet",
 volume=356, 
 issue=9233,
 pages="923-929",
 year=2000
 } 
 
 @Article{castro,
  author =  "M. Castro and P. LeFloch and M. Munoz-Ruiz and C. Pares",
 title="Why many theories of shock waves are necessary: Convergence error 
in formally path-consistent schemes",
 journal="Journal of Computational Physics",
 year=2008,
 volume=227
 }

 @Article{castro2,
  author =  "M. Castro and J.M. Gallardo-Molina and J.A. Lopez-Garcia and A. Pardo and C. Pares",
 title="Finite volume methods for nonconservative hyperbolic systems: Application to shallow flows",
 journal="Communications to SIMAI Conference",
 year=2006,
 volume=1
 }
 
 @Article{lefloch,
  author =  {P. LeFloch},
 title="Shock waves for nonlinear hyperbolic systems in nonconservative form",
 journal="Institute for Math. and its Appl., Minneapolis, preprint",
 year=1989,
 url="http://www.ima.umn.edu/preprints/Jan89Dec89/593.pdf"
 }
 
  @Article{cleveland_averkiou,
  author =  "M.A. Averkiou and R.O. Cleveland",
 title="Modeling of an electrohydraulic lithotripter with the {KZK} equation",
 journal="Journal for the Acoustical Society of America",
 year=1999,
 volume=106,
 number=1,
 pages="102-112"
 }
 
 @inproceedings{haversian,
 author="K. Deisseroth and H. Hogan",
 title="Three dimensional modeling and analysis of Haversian systems in compact bone tissue",
 booktitle="Biomedical Engineering Conference",
 year=1995
 } 
 
 @article{saito,
  author = "T. Saito and M. Marumoto and H. Yamashita and S.H.R. Hosseini and A. Nakagawa and T. Hirano and K. Takayama",
  title = "Experimental and numerical studies of underwater shock wave attenuation",
  journal = "Shock Waves",
  volume = 13,
  year = 2003,
  pages = "139-148"}
  
   @article{boxlib,
  author = "W.Y. Crutchfield and M. Welcome",
  title = "Object-oriented implementation of adaptive mesh refinement algorithms",
  journal = "Scientific Programming",
  volume = 2,
  number=4,
  year = 1993,
  pages = "145-156"}
  
   @article{berger_oliger,
  author = "M. J. Berger and P. Colella",
  title = "Adaptive mesh refinement for hyperbolic partial differential equations",
  journal = "Journal of Computational Physics",
  volume = 53,
  year = 1984,
  pages = "484-512"}
  
   @article{rompe,
  author = "J.D. Rompe and C. Hopf and K. Kullmer and J. Heine and R. Burger",
  title = "Analgesic effect of extracorporeal shock-wave therapy on chronic tennis elbow",
  journal = "Journal of Bone and Joint Surgery, British Volume",
  volume = "78-B",
  year = 1996,
  pages = "233"}
  
  @article{sems,
  author="A. Sems and R. Dimeff and J. P. Iannotti",
  title="Extracorporeal Shock Wave Therapy in the Treatment of Chronic Tendinopathies",
  journal="Journal of the American Academy of Orthopaedic Surgeons",
  volume=14,
  number=4,
  pages="195-204",
  year=2006
  }
  
  @article{bossche,
  author="L.V. Bossche and G. Vanderstraeten",
  title="Heterotopic Ossification: A Review",
  journal="Journal of Rehabilitation Medicine",
  year=2005,
  volume=37,
  pages="129-136"
  }
  
  @article{subbarao,
  title="Heterotopic ossification: diagnosis and management, current concepts and controversies.",
  author="J.V. Subbarao and S.J. Garrison",
  year=1999,
  volume=22,
  number=4,
  pages="273-83",
  journal="Journal of Spinal Cord Medicine"
  }
  
   @article{rjl_nonlinear,
  author = "R.J. LeVeque",
  title = "Finite-volume methods for non-linear elasticity in heterogeneous media",
  journal = "International Journal for Numerical Methods in Fluids",
  volume = 40,
  number="1-2",
  year = 2001,
  pages = "93-104"}
  
   @article{nakahara_hugoniot,
  author = "M. Nakahara and K. Nagayama and Y. Mori",
  title = "Shockwave Dynamics of High Pressure Pulse in Water and Other Biological Materials Based on {Hugoniot} Data",
  journal = "Japanese Journal of Applied Physics",
  volume = 47,
  year = 2008,
  pages = "3510-3517"}

@article{cjwang_hip,
  author = "C.-J. Wang and F.-S. Wang and J.-Y. Ko and H.-Y. Huang and C.-J. Chen and Y.-C. Sun and Y.-J. Yang",
  title = "Extracorporeal shockwave therapy shows regeneration in hip necrosis",
  journal = "Rheumatology",
  volume = 47,
  number=4,
  year = 2008,
  pages = "542-546"}

@article{eswt_shoulder,
  author="G. Mouzopoulos and M. Stamatakos and D. Mouzopoulos and M. Tzurbakis",
  title="Extracorporeal shock wave treatment for shoulder calcific tendonitis: a systematic review",
  journal="Skeletal Radiology",
  volume=36,
  number=9,
  year=2008,
  pages="803-811"
  }
  
  @article{shoulder_necrosis,
  author="H.-M. Liu and C.-M. Chao and J.-Y. Hsieh and C.-C. Jiang",
  title="Humeral Head Osteonecrosis After Extracorporeal Shock-Wave Treatment for Rotator Cuff Tendinopathy",
  journal="The Journal of Bone and Joint Surgery",
  year=2006,
  volume=88,
  pages="1353-1356" 
  }
  
  @article{eswt_vegf,
   author="C.-J. Wang and K.-E. Huang and Y.-C. Sun and Y.-J. Yang and J.-Y. Ko and L.-H. Weng and F.-S. Wang",
title = "VEGF Modulates Angiogenesis and Osteogenesis in Shockwave-Promoted Fracture Healing in Rabbits",
journal = "Journal of Surgical Research",
volume = "In Press, Corrected Proof",
number = "",
pages = " - ",
year = "2010",
issn = "0022-4804",
doi = "DOI: 10.1016/j.jss.2010.01.045",
}
  
  @article{orthotropic,
  author="W.R. Taylor and E. Roland and H. Ploeg and D. Hertig and R. Klabunde and M.D. Warner and M.C. Hobatho and L. Rakotomanana and S.E. Clift",
  title="Determination of orthotropic bone elastic constants using {FEA} and modal analysis",
  journal="Journal of Biomechanics",
  volume=35,
  issue=6,
  year = 2002,
  pages="767-73"
  }
  
  @article{coleman,
  author="A.J. Coleman and J. Saunders and R. Preston and D. Bacon",
  title="Pressure waveforms generated by a {Dornier} extra-corporeal shock-wave lithotripter",
  journal="Ultrasound in Medicine and Biology",
  volume=13,
  year = 1987,
  pages="651-657"
  }
  
  @article{hamilton,
  author="M. Hamilton",
  title="Transient axial solution for the reflection of a spherical wave from a concave ellipsoidal mirror",
  journal="Journal of the Acoustical Society of America",
  volume=93,
  number=3,
  year = 1993,
  pages="1256-1266"
  }
  
  @article{gitaylor,
  author="G.I. Taylor",
  title="The formation of a blast wave by a very intense explosion. {I. Theoretical} discussion.",
  journal="Proceedings of the Royal Society of London. Series A, Mathematical and Physical Sciences",
  volume=201,
  number=1065,
  pages="159-174",
  year=1950
  }
  
  @book{sedov,
  author="L.I. Sedov",
  title="Similarity and dimensional methods in mechanics",
  year = 1993,
  publisher = "CRC Press"
  }
  
  @article{christopher_hm3,
  author="T. Christopher",
  title="Modeling the {Dornier HM3} Lithotripter",
  journal="Journal of the Acoustical Society of America",
  volume=96,
  number=5,
  year= 1994,
  pages="3088-3095"}
  
  @article{zhong,
  author="X. Xi and P. Zhong",
  title="Dynamic photoelastic study of the transient stress field in solids during shock wave lithotripsy",
  journal="Journal of the Acoustical Society of America",
  volume=109,
  number=3,
  year= 2001,
  pages="1226-1239"}
  
  @article{oleg_cleveland,
  author="R.O. Cleveland and O. Sapozhnikov",
  title="Modeling elastic wave propagation in kidney stones with application to shock wave lithotripsy",
  journal="Journal of the Acoustical Society of America",
  volume=118,
  number=4,
  year=2005,
  pages="2667-2676"
  }
  
  @article{eswt_bone,
  author="R. Biedermann and A. Martin and G. Handle and T. Auckenthaler and C. Bach and M. Krismer",
  title="Extracorporeal shock waves in the treatment of nonunions",
  journal="Journal of Trauma",
  year=2003,
  volume=54,
  number=5,
  pages="936-42"
  } 

  @article{visc_bone,
  author="E. Garner and R. Lakes and T. Lee and C. Swan and R. Brand",
  title="Viscoelastic Dissipation in Compact Bone: Implications for Stress-Induced Fluid Flow in Bone",
  journal="Journal of Biomechanical Engineering",
  year=2000,
  volume=122,
  issue=2,
  pages="166-73"
  } 

 @article{keaveny, 
  author ="T. Keaveny and X.E. Guo and E.F. Wachtel and T.A. McMahon and W.C. Hayes",
  title="Trabecular bone exhibits fully linear elastic behavior and yields at low strains",
  journal = "Journal of Biomechanics",
  year=1994,
  volume=27,
  issue=9
  }


  @article{matula_direct,
  author = "T.J. Matula and P.R. Hilmo and M.R. Bailey",
  title = "A suppressor to prevent direct wave-induced cavitation in shock wave therapy devices",
  journal = "Journal of the Acoustical Society of America",
  volume = 118,
  number="1",
  year = 2005,
  pages = "178-185"}
  
  @article{amsel_1969,
  author="S. Amsel and A. Maniatis and M. Tavassoli and W.H. Crosby",
  title="The significance of intramedullary cancellous bone formation in the repair of bone marrow tissue",
  journal="The Anatomical Record",
  volume=164,
  number=1,
  pages="101-111",
  year=1969
  }
  
  @article{wang_nonunion,
  author="C.-J.Wang and H.-S. Chen and C.-E. Chen and K. Yang",
  title="Treatment of Nonunions of Long Bone Fractures with Shock Waves",
  journal="Clinical Orthopaedics and Related Research",
  volume=387,
  year=2001,
  pages="95-101"
  }
  
  @article{godunov,
  author="S.K. Godunov",
  title="A difference method for numerical calculation of discontinuous solutions of the equations of hydrodynamics",
  journal="Mat. Sb. (N.S.)",
  volume=47,
  number=89,
  year=1959,
  pages="271-306"
  }
  
  @article{roesolver,
  author="P.L. Roe",
  title="Approximate {Riemann} solvers, parameter vectors and difference schemes",
  journal="Journal of Computational Physics",
  year=1997,
  volume=135,
  number=2,
  pages="250-258"
  }
 
 @article{bailey_oleg,
  author = "O. Sapozhnikov and A.D. Maxwell and B. MacConaghy and M. Bailey",
  title = "A mechanistic analysis of stone fracture in lithotripsy",
  journal = "Journal of the Acoustical Society of America",
  volume = 121,
  number = 2,
  year = 2007,
  pages = "1190-1202"}
  
 @inproceedings{ kfagnan_hyp06,
 author="K.M. Fagnan and R.J. LeVeque and T.J. Matula and B. MacConaghy",
 title = "High-resolution finite volume methods for extracorporeal shock wave therapy",
 booktitle = "Hyperbolic Problems: Theory, Numerics, Applications",
 year="2006",
 editor="S{ylvie} Benzoni-Gavage and D{enis} Serre",
 publisher="Springer",
 pages="503-510"}
 
 @inproceedings{eswt_background,
 author="J.A. Ogden and R.R. Alvarez",
 year=2001,
 publisher="Lippincott, Williams and Wilkins",
 title="Extracorporeal shock wave therapy in orthopaedics",
 booktitle="Written symposium"
 }
 
 @article{wendroff,
 author="M. Shashkov and B. Wendroff",
 title="A Composite scheme for gas dynamics in {Lagrangian} coordinates",
 journal="Journal of Computational Physics",
 volume=150, 
 year=1999,
 pages="502-517"
 }
 
 @book{linear_waves,
 author="J.G. Harris",
 title="LInear Elastic Waves",
 publisher="Cambridge University Press",
 year=2001
 }
 
 @article{endothelial, 
 title="Extracorporeal cardiac shock wave therapy markedly ameliorates ischemia-induced myocardial dysfunction in pigs in vivo",
 journal="Circulation",
 volume=110,
 pages="3055-3061",
 year=2004,
 author="T. Nishida and H. Shimokawa and K. Oi and H. Tatewaki and T. Uwatoku and K. Abe and Y. Matsumoto and N. Kajihara and M. Eto and T. Matsuda and H. Yasui and A. Takeshita and K. Sunagawa"
 }
 
 @article{kerbl,
 title="Current Management of Urolithiasis: Progress or Regress?",
 author="K.Kerbl and J.Rehman and J. Landman and D. Lee and C. Sundaram and R. V. Clayman",
 journal="Journal of Endourology", 
 year=2002,
 volume=16,
 number=2,
 pages="281-288"
 }
 
 @article{lingeman,
 author= "J.E. LIngeman and J.A. McAteer and S.A. Kempson and A.P. Evan",
 title="Bioeffects of extracorporeal shock-wave lithotripsy",
 journal="Journal of Endourology",
 volume=1,
 number=2,
 pages="89-98",
 year=1987
 }
 
 @article{delius,
 author="M. Delius",
 title="Medical applications and bioeffects of extracorporeal shock waves",
 journal="Shock Waves",
 volume=4,
 number=2,
 year=1994
 }
 
 
 @article{wang_neovascular,
 author="C.-J. Wang and F.-S. Wang and K.D. Yang and L.-H. Weng and C.-C. Hsu and C.-S. Huang and L.-C. Yang",
 title="Shock wave therapy induces neovascularlization at the tendon-bone junction. {A} study in rabbits",
 journal="Journal of Orthopaedic Research",
 year=2006,
 volume=21,
 issue=6,
 pages="984-989"
 }
 
 @misc { pressure_online,
 author="Shock Wave Therapy - BC",
 howpublished = "\url{http://www.shockwavetherapy.ca/about_eswt.htm}",
 year = "2010"}
 
 
 @misc { clawpack,
 howpublished = "\url{http://www.clawpack.org}",
 year = "2006",
 author="R.J. LeVeque et. al."}
 
 @misc { visit,
 howpublished = "\url{http://wci.llnl.gov/codes/visit/}",
 year = "2000",
 author="VisIt - Lawrence Livermore Natural Laboratory"}
 
  @misc { hdf5,
 howpublished = "\url{http://www.hdfgroup.org/HDF5/}",
 year = "Version 1.6.10",
 author="The HDF5 Group"}
 
  @misc { chombo,
 howpublished = "\url{https://seesar.lbl.gov/ANAG/chombo/}",
 year = "2009",
 author="Applied Numerical Algorithms Group (ANAG) Lawrence Berkeley National Laboratory"}
 
  @misc { colella_communication,
 author = "P. Colella",
 howpublished = {Personal communication},
 year = "2009"}
 
  @misc { ching_conv,
 author = "R.P. Ching and M. Ganter",
 howpublished = {Personal communication},
 year = "2007"}
 
   @misc { conv_michael_chang,
 author = "M.Chang",
 howpublished = {Personal communication},
 year = "2009"}
 
 @book{light1,
 author="J.W. Dally and W.F. Riley",
 title="Experimental Stress Analysis",
 publisher="McGraw-Hill, New York",
 year=1991}
 
 @book{light2,
 author="H.T. Jessop and F.C. Harris",
 title="Photoelasticity: Principals and Methods",
 publisher="Dover, New York",
 year=1949
 }
 
 @article{axonal_tbi,
 author="D.E. Erb and J.T. Povlishock", 
 title="Axonal damage in severe traumatic brain injury: an experimental study in a cat",
 volume=76,
 number=4,
 pages="347-358",
 year=1988,
 journal="Acta Neuropathologica"
 }

 
 
 
